<?xml version="1.0" encoding="UTF-8"?><collection xmlns="http://www.loc.gov/MARC21/slim"><record><leader>00461nam--2200169-i-4500</leader><controlfield tag="001">000017956</controlfield><controlfield tag="002">20161230</controlfield><controlfield tag="005">20161230201032</controlfield><controlfield tag="008">060222s1000------------r-----000-0-eng-d</controlfield><datafield ind1=" " ind2=" " tag="040"><subfield code="a">IFIN-HH</subfield></datafield><datafield ind1=" " ind2=" " tag="080"><subfield code="a">519.24:53</subfield></datafield><datafield ind1="1" ind2=" " tag="100"><subfield code="a">Fisher, Ronald A</subfield></datafield><datafield ind1="1" ind2="0" tag="245"><subfield code="a">Statistical methods and scientific inference</subfield><subfield code="c">Sir ronald a. fisher</subfield></datafield><datafield ind1=" " ind2=" " tag="260"><subfield code="a">Edinburgh</subfield><subfield code="b">Oliver And Boyd</subfield><subfield code="c">1956</subfield></datafield><datafield ind1=" " ind2=" " tag="300"><subfield code="a">VIII + 175 P</subfield></datafield><datafield ind1=" " ind2=" " tag="852"><subfield code="a">12614</subfield><subfield code="c">519.24</subfield></datafield><datafield ind1=" " ind2=" " tag="CAT"><subfield code="a">Sys</subfield><subfield code="c">20110221</subfield><subfield code="h">133541</subfield></datafield></record></collection>